        @article{IDCHDS:2012,
             author = {Jill Feblowitz},
             title = {The Big Deal About Big Data in Upstream Oil and Gas},
             journal = {IDC Energy Insights, White Paper},
             month = {Oct},
             year = {2012}
        }

        @article{IBMCAI:2011,
             author = {Lewis S. Edison, John D. Brantley, Steve Edwards},
             title = {The value of smarter oil and gas fields: Unlocking the full value of your assets},
             journal = {IBM Center for Applied Insights, White Paper},
             month = {May},
             year = {2011}
        }

