        @article{Humphreys:2002,
             author = {Humphreys, Greg and Houston, Mike and Ng, Ren and Frank, Randall and Ahern, Sean and Kirchner, Peter D. and Klosowski, James T.},
             title = {Chromium: a stream-processing framework for interactive rendering on clusters},
             journal = {ACM Trans. Graph.},
             volume = {21},
             issue = {3},
             month = {July},
             year = {2002},
             issn = {0730-0301},
             pages = {693--702},
             numpages = {10},
             url = {http://doi.acm.org/10.1145/566654.566639},
             doi = {http://doi.acm.org/10.1145/566654.566639},
             acmid = {566639},
             publisher = {ACM},
             address = {New York, NY, USA},
             keywords = {cluster rendering, parallel rendering, remote graphics, scalable rendering, stream processing, tiled displays, virtual graphics},
        }

        @inproceedings{SSKIM:2011,
             author = {Sung-Soo Kim and Kyung-Ill Kim and Jong-Ho Won},
             title = {Multi-view Rendering Approach for Cloud-based Gaming Services},
             booktitle = {The Third International Conference on Advances in Future Internet},
             series = {AFIN 2011},
             year = {2011},
             location = {Nice/Saint Laurent du Var, France},
             pages = {102--107},
        }

        @inproceedings{Cheng:2004,
             author = {Liang Cheng and Anusheel Bhushan and Renato Pajarola and Magda El Zarki},
             title = {Realtime 3d graphics streaming using mpeg-4},
             booktitle = {In Proc. IEEE/ACM Wksp. on Broadband Wireless Services and Appl},
             series = {IEEE/ACM BroadWise ¡¯04},
             year = {2004},
             location = {San Jose, Calif, USA},
             pages = {1--16},
        }

        @inproceedings{Winter:2006,
             author = {De Winter, D. and Simoens, P. and Deboosere, L. and De Turck, F. and Moreau, J. and Dhoedt, B. and Demeester, P.},
             title = {A hybrid thin-client protocol for multimedia streaming and interactive gaming applications},
             booktitle = {Proceedings of the 2006 international workshop on Network and operating systems support for digital audio and video},
             series = {NOSSDAV '06},
             year = {2006},
             isbn = {1-59593-285-2},
             location = {Newport, Rhode Island},
             pages = {15:1--15:6},
             articleno = {15},
             numpages = {6},
             url = {http://doi.acm.org/10.1145/1378191.1378210},
             doi = {http://doi.acm.org/10.1145/1378191.1378210},
             acmid = {1378210},
             publisher = {ACM},
             address = {New York, NY, USA},
        }

        @inproceedings{Tzruya:2006,
             author = {Y. Tzruya A. Shani F. Bellotti and A. Jurgelionis.},
             title = {Games@Large - a new platform for ubiquitous gaming and multimedia},
             booktitle = {Proceedings of the Broadband Europe Conference},
             series = {BBEurope '06},
             year = {2006},
             location = {Geneva, Switzerland},
             pages = {11--14},
        }

        @article{Claypool:2006,
             author = {Claypool, Mark and Claypool, Kajal},
             title = {Latency and player actions in online games},
             journal = {Commun. ACM},
             volume = {49},
             issue = {11},
             month = {November},
             year = {2006},
             issn = {0001-0782},
             pages = {40--45},
             numpages = {6},
             url = {http://doi.acm.org/10.1145/1167838.1167860},
             doi = {http://doi.acm.org/10.1145/1167838.1167860},
             acmid = {1167860},
             publisher = {ACM},
             address = {New York, NY, USA},
        }

        @inproceedings{Karachristos:2008,
             author = {Karachristos, Theofilos and Apostolatos, Dimitrios and Metafas, Dimitrios},
             title = {A real-time streaming games-on-demand system},
             booktitle = {Proceedings of the 3rd international conference on Digital Interactive Media in Entertainment and Arts},
             series = {DIMEA '08},
             year = {2008},
             isbn = {978-1-60558-248-1},
             location = {Athens, Greece},
             pages = {51--56},
             numpages = {6},
             url = {http://doi.acm.org/10.1145/1413634.1413648},
             doi = {http://doi.acm.org/10.1145/1413634.1413648},
             acmid = {1413648},
             publisher = {ACM},
             address = {New York, NY, USA},
             keywords = {capturing, encoding, games-on-demand, real-time, streaming},
        }

        @inproceedings{Zrida:2009,
             author = {Zrida, Hajer Krichene and Jemai, Abderrazek and Ammari, Ahmed C. and Abid, Mohamed},
             title = {High level H.264/AVC video encoder parallelization for multiprocessor implementation},
             booktitle = {Proceedings of the Conference on Design, Automation and Test in Europe},
             series = {DATE '09},
             year = {2009},
             isbn = {978-3-9810801-5-5},
             location = {Nice, France},
             pages = {940--945},
             numpages = {6},
             url = {http://portal.acm.org/citation.cfm?id=1874620.1874851},
             acmid = {1874851},
             publisher = {European Design and Automation Association},
             address = {3001 Leuven, Belgium, Belgium},
        }

        @article{Jurgelionis:2009,
             author = {Jurgelionis, A. and Fechteler, P. and Eisert, P. and Bellotti, F. and David, H. and Laulajainen, J. P. and Carmichael, R. and Poulopoulos, V. and Laikari, A. and Per\"{a}l\"{a}, P. and De Gloria, A. and Bouras, C.},
             title = {Platform for distributed 3D gaming},
             journal = {Int. J. Comput. Games Technol.},
             issue_date = {January 2009},
             volume = {2009},
             month = {January},
             year = {2009},
             issn = {1687-7047},
             pages = {1:1--1:15},
             articleno = {1},
             numpages = {15},
             url = {http://dx.doi.org/10.1155/2009/231863},
             doi = {http://dx.doi.org/10.1155/2009/231863},
             acmid = {1595407},
             publisher = {Hindawi Publishing Corp.},
             address = {New York, NY, United States},
        }

        @article{Eilemann:2009,
             author = {Eilemann, Stefan and Makhinya, Maxim and Pajarola, Renato},
             title = {Equalizer: A Scalable Parallel Rendering Framework},
             journal = {IEEE Transactions on Visualization and Computer Graphics},
             volume = {15},
             issue = {3},
             month = {May},
             year = {2009},
             issn = {1077-2626},
             pages = {436--452},
             numpages = {17},
             url = {http://portal.acm.org/citation.cfm?id=1515609.1515684},
             doi = {10.1109/TVCG.2008.104},
             acmid = {1515684},
             publisher = {IEEE Educational Activities Department},
             address = {Piscataway, NJ, USA},
             keywords = {Parallel Rendering, Scalable Visualization, Cluster Graphics, Display Wall},
        }

        @inproceedings{Jurgelionis:2010,
             author = {Jurgelionis, Audrius and Bellotti, Francesco and Gloria, Alessandro De and Laulajainen, Jukka-Pekka and Fechteler, Philipp and Eisert, Peter and David, Haggai},
             title = {Testing Cross-Platform Streaming of Video Games over Wired and Wireless LANs},
             booktitle = {Proceedings of the 2010 IEEE 24th International Conference on Advanced Information Networking and Applications Workshops},
             series = {WAINA '10},
             year = {2010},
             isbn = {978-0-7695-4019-1},
             pages = {1053--1058},
             numpages = {6},
             url = {http://dx.doi.org/10.1109/WAINA.2010.186},
             doi = {http://dx.doi.org/10.1109/WAINA.2010.186},
             acmid = {1829774},
             publisher = {IEEE Computer Society},
             address = {Washington, DC, USA},
             keywords = {video and 3D streaming, interactive entertainment, testing and evaluation, Gaming on Demand, distributed and cloud computing},
        }

        @inproceedings{Colic:2010,
             author = {Colic, Aleksandar and Kalva, Hari and Furht, Borko},
             title = {Exploring NVIDIA-CUDA for video coding},
             booktitle = {Proceedings of the first annual ACM SIGMM conference on Multimedia systems},
             series = {MMSys '10},
             year = {2010},
             isbn = {978-1-60558-914-5},
             location = {Phoenix, Arizona, USA},
             pages = {13--22},
             numpages = {10},
             url = {http://doi.acm.org/10.1145/1730836.1730839},
             doi = {http://doi.acm.org/10.1145/1730836.1730839},
             acmid = {1730839},
             publisher = {ACM},
             address = {New York, NY, USA},
             keywords = {compute unified device architecture (cuda), graphics processing unit (gpu), motion estimation, parallel processing, video coding},
        }

        @manual{RTP50,
             author = {RFC 3550},
             title = {RTP: A Transport Protocol for Real-Time Applications}
        }

        @manual{RTP84,
             author = {RFC 3984},
             title = {RTP Payload Format for H.264 Video}
        }

        @electronic{Smoke:2009,
          author        = {Jeff Andrews},
          title         = {Designing the Framework of a Parallel Game Engine},
          url           = {http://software.intel.com/en-us/articles/designing-the-framework-of-a-parallel-game-engine/},
          month         = {June},
          year          = {2009}
        }

        @electronic{NVIDIA:2012,
          author        = {Phil Eisler},
          title         = {What To Expect From GeForce GRID For Cloud-based Gaming},
          url           = {http://blogs.nvidia.com/2012/06/what-you-can-expect-from-geforce-grid/},
          month         = {June},
          year          = {2012}
        }

        @electronic{OnLive:2012,
          author        = {Steve Perlman},
          title         = {OnLive Launches in Belgium},
          url           = {http://blog.onlive.com/2012/07/30/onlive-launches-in-belgium/},
          month         = {July},
          year          = {2012}
        }

        @inproceedings{Molnar:2008,
             author = {Molnar, Steven and Cox, Michael and Ellsworth, David and Fuchs, Henry},
             title = {A sorting classification of parallel rendering},
             booktitle = {ACM SIGGRAPH ASIA 2008 courses},
             series = {SIGGRAPH Asia '08},
             year = {2008},
             location = {Singapore},
             pages = {35:1--35:11},
             articleno = {35},
             numpages = {11},
             url = {http://doi.acm.org/10.1145/1508044.1508079},
             doi = {http://doi.acm.org/10.1145/1508044.1508079},
             acmid = {1508079},
             publisher = {ACM},
             address = {New York, NY, USA},
        }

        @inproceedings{Lages:2008,
             author = {Lages, Wallace and Cordeiro, Carl\'{u}cio and Guedes, Dorgival},
             title = {A Parallel Multi-view Rendering Architecture},
             booktitle = {Proceedings of the 2008 XXI Brazilian Symposium on Computer Graphics and Image Processing},
             year = {2008},
             isbn = {978-0-7695-3358-2},
             pages = {270--277},
             numpages = {8},
             url = {http://portal.acm.org/citation.cfm?id=1440461.1440894},
             doi = {10.1109/SIBGRAPI.2008.41},
             acmid = {1440894},
             publisher = {IEEE Computer Society},
             address = {Washington, DC, USA},
             keywords = {Multiview rendering, parallel rendering},
        }
