        @article{NITRD:2005,
             author = {President’s Information Technology Advisory Committee},
             title = {Computational Science: Ensuring America’s Competitiveness},
             month = {June},
             year = {2005}
%            url = {www.nitrd.gov/pitac/reports/20050609$\underline$\_$computational/computational.pdf}
        }

        @article{Reed:2003,
             author = {D. A. Reed, Ed},
             title = {Workshop on The Roadmap for the Revitalization of High-End Computing},
             month = {June},
             year = {2003},
             url = {www.cra.org/reports/supercomputing.pdf}
        }

        @article{Graham:2004,
             author = {S. L. Graham, M. Snir, and C. A. Patterson, Eds},
             title = {Getting Up to Speed: The Future of Supercomputing},
             year = {2004},
%             url = {www.nap.edu/openbook.php?record_id=11148},
             location = {Washington, D.C.},
	  publisher = {National Academies Press}
	
        }

        @inproceedings{Dean:2004,
             author = {J. Dean and S. Ghemawat},
             title = {MapReduce: Simplified Data Processing on Large Clusters},
	  series = {OSDI'04},
             booktitle = {Sixth Symposium on Operating Systems Design and Implementation},
             year = {2004},
             location = {San Francisco, CA},
	  doi = {doi: 10.1145/1327452.1327492}
        }

        @inproceedings{Isard:2008,
             author = {Y. Yu., M. Isard, D. Fetterly, M. Budiu, Ú. Erlingsson, P. Kumar Gunda, and J. Currey},
             title = {DryadLINQ: A System for General-Purpose Distributed Data-Parallel Computing Using a High-Level Language},
	  series = {OSDI'08},
             booktitle = {Eighth Symposium on Operating Systems Design and Implementation},
             year = {2008}
        }

        @inproceedings{Nash:1950,
             author = {John F. Nash},
             title = {EQUILIBRIUM POINTS IN N-PERSON GAMES},
             booktitle = {Proceedings of the National Academy of Sciences of the United States of America},
             series = {PNAS},
	  month={January},
             year = {1950 },
             pages = {48--49}
        }
